@article{stuvel,
author = "Sybren Stuvel",
title = "Sadako - Securing a building using IEEE 802.11",
publisher = "Universiteit van Amsterdam",
year = 2006,
}