@article{zeimpekis02,
    author  = "Vasileios Zeimpekis and George M. Giaglas and George Lekakos",
    title   = "A taxonomy of indoor and outdoor positioning techniques for mobile location services",
    year    = "2003",
    journal = "ACM SIGecom Exchanges - Mobile commerce",
    volume  = "3",
    number  = "4",
    pages   = "19-27"
}
@article{brown,
    author  = "Alison K. Brown and Yan Lu",
    title   = "Performance Test Results of an Integrated GPS/MEMS Inertial Navigation Package",
    year    = "2004",
    journal = "Proceedings of ION GNSS Conference",
    pages   = "1251-1256"
}
@article{sayed,
    author  = "A.H. Sayed and A. Tarighat and N. Khajehnouri",
    title   = "Network-based wireless location: challenges faced in developing techniques for accurate wireless location information",
    year    =  "2005",
    journal = "Signal Processing Magazine, IEEE",
    volume  = "22",
    number  = "4",
    pages   = "24-40"
}
@article{foxlin,
    author  = "Eric Foxlin",
    title   = "Pedestrian Tracking with Shoe-Mounted Inertial Sensors",
    year    = "2005",
    journal = "Computer Graphics and Applications, IEEE",
    volume  = "25",
    number  = "6",
    pages   = "38-46"
}
